<?xml version="1.0" encoding="UTF-8"?><record xmlns="http://www.loc.gov/MARC21/slim" xmlns:cinclude="http://apache.org/cocoon/include/1.0" xmlns:zs="http://www.loc.gov/zing/srw/">
  <leader>00503cz  a2200145n  4500</leader>
  <controlfield tag="001">n  95930624 </controlfield>
  <controlfield tag="003">DLC</controlfield>
  <controlfield tag="005">20000729064939.0</controlfield>
  <controlfield tag="008">960318n| acannaabn          fa ana      </controlfield>
  <datafield tag="010" ind1=" " ind2=" ">
    <subfield code="a">n  95930624 </subfield>
  </datafield>
  <datafield tag="035" ind1=" " ind2=" ">
    <subfield code="a">(OCoLC)oca04070116</subfield>
  </datafield>
  <datafield tag="040" ind1=" " ind2=" ">
    <subfield code="a">DLC</subfield>
    <subfield code="b">eng</subfield>
    <subfield code="c">DLC</subfield>
    <subfield code="d">OCoLC</subfield>
  </datafield>
  <datafield tag="110" ind1="2" ind2=" ">
    <subfield code="a">Universitas Indonesia.</subfield>
    <subfield code="b">Pusat Antar Universitas.</subfield>
    <subfield code="b">Bidang Ilmu Ekonomi</subfield>
  </datafield>
  <datafield tag="410" ind1="2" ind2=" ">
    <subfield code="a">PAU-Ekonomi-UI</subfield>
  </datafield>
  <datafield tag="670" ind1=" " ind2=" ">
    <subfield code="a">Manajemen periklanan, 1992:</subfield>
    <subfield code="b">t.p. (Pusat Antar Universitas-Bidang Ilmu Ekonomi, Universitas Indonesia (PAU-Ekonomi-UI))</subfield>
  </datafield>
</record>